
@inproceedings{depqbfLonsing,
  author    = {Florian Lonsing and Uwe Egly},
  title     = {DepQBF 6.0: {A} Search-Based {QBF} Solver Beyond Traditional {QCDCL}},
  booktitle = {26th International Conference on Automated Deduction (CADE)},
  pages     = {371--384},
  address   = {Gothenburg, Sweden},
  month     = aug,
  year      = {2017},
  doi       = {10.1007/978-3-319-63046-5\_23},
}


@inproceedings{caqeTentrup,
  author    = {Markus N. Rabe and Leander Tentrup},
  title     = {{CAQE:} {A} Certifying {QBF} Solver},
  booktitle = {Formal Methods in Computer-Aided Design (FMCAD)},
  address   = {Austin, Texas, USA},
  pages     = {136--143},
  month     = sep,
  year      = {2015},
}


@inproceedings{Sinz05,
  author    = {Carsten Sinz},
  editor    = {Peter van Beek},
  title     = {Towards an Optimal {CNF} Encoding of Boolean Cardinality Constraints},
  booktitle = {Principles and Practice of Constraint Programming - {CP} 2005, 11th
               International Conference, {CP} 2005, Sitges, Spain, October 1-5, 2005,
               Proceedings},
  series    = {Lecture Notes in Computer Science},
  volume    = {3709},
  pages     = {827--831},
  publisher = {Springer},
  year      = {2005},
  url       = {https://doi.org/10.1007/11564751\_73},
  doi       = {10.1007/11564751\_73},
  timestamp = {Tue, 14 May 2019 10:00:45 +0200},
  biburl    = {https://dblp.org/rec/conf/cp/Sinz05.bib},
  bibsource = {dblp computer science bibliography, https://dblp.org}
}
